
@article{kim_machine_2019,
	title = {Machine {Learning} {Analysis} for the {Soliton} {Formation} in {Resonant} {Nonlinear} {Three}-{Wave} {Interactions}},
	volume = {75},
	issn = {0374-4884, 1976-8524},
	url = {http://link.springer.com/10.3938/jkps.75.909},
	doi = {10.3938/jkps.75.909},
	language = {en},
	number = {11},
	urldate = {2022-10-01},
	journal = {J. Korean Phys. Soc.},
	author = {Kim, Yeun Jung and Lee, Minsoo and Lee, Hae June},
	month = dec,
	year = {2019},
	pages = {909--916},
	file = {Kim et al. - 2019 - Machine Learning Analysis for the Soliton Formatio.pdf:/home/huntfeng/Documents/paper/Kim et al. - 2019 - Machine Learning Analysis for the Soliton Formatio.pdf:application/pdf},
}

@inproceedings{lee_solitary_2003,
	address = {Jeju, South Korea},
	title = {Solitary waves in a plasma interacting with two counter-propagating laser pulses},
	isbn = {978-0-7803-7911-4},
	url = {http://ieeexplore.ieee.org/document/1228991/},
	doi = {10.1109/PLASMA.2003.1228991},
	urldate = {2022-11-15},
	booktitle = {The 30th {International} {Conference} on {Plasma} {Science}, 2003. {ICOPS} 2003. {IEEE} {Conference} {Record} - {Abstracts}.},
	publisher = {IEEE},
	author = {Lee, H.J. and Kim, J. and Kim, C. and Kim, G.-H. and Kim, J.-U. and Suk, H.},
	year = {2003},
	pages = {366},
	file = {June - Solitary Wave Generation by Two Counter-Propagatin.pdf:/home/huntfeng/Documents/paper/June - Solitary Wave Generation by Two Counter-Propagatin.pdf:application/pdf},
}


@book{jardin_computational_2010,
	address = {Boca Raton},
	series = {Chapman \& {Hall}/{CRC} computational science series},
	title = {Computational methods in plasma physics},
	isbn = {978-1-4398-1021-7},
	publisher = {CRC Press},
	author = {Jardin, Stephen},
	year = {2010},
	note = {OCLC: ocn426810763},
	keywords = {Plasma (Ionized gases), Mathematical models, Mathematical physics},
	file = {Jardin - 2010 - Computational methods in plasma physics.pdf:/home/huntfeng/Documents/textbook/physics/Jardin - 2010 - Computational methods in plasma physics.pdf:application/pdf},
}